@Book{Brousseau2007,
 author={Brousseau, G.},
 title = {Iniciación al estudio de la teoría de situaciones},
 publisher = {Libros del Zorzal},
 year = {2007},
 address = {Bs. As.},
 }

@Book{Gascón2002,
 author={Gascón, J.},
 title = {El problema de la educación matemática y la doble ruptura de la Didáctica
de la Matemática},
 publisher = {La Gaceta de la Real Sociedad matemática español},
 year = {2002},
 }

 @article{Gascón1998,
 author={Gascón, J.},
 title = {Evolución de la didáctica de las matemáticas como disciplina científica},
 journal = {Recherches en Didactique des Mathématiques},
 volume={18},
 number={1},
 pages={7-34},
 year = {2002},
 }

 
@PhdThesis{Sadovsky2004,
 author = {Sadovsky, P},
 title = {Un marco para pensar y actuar la enseñanza de la matemática},
 school = {UBA},
 year = {2004}
}

@Article{Chevallard1999,
 author = {Chevallard, Y},
 title = {El análisis de las prácticas docentes en la teoría antropológica de lo didáctico},
 journal = {Recherches en Didactique des Mathématiques},
 year = {1999},
 volume = {19},
 number = {2},
 pages = {221-266},
 }

@InProceedings{Chevallard2001,
 author = {Chevallard, Y},
 title = {Aspectos problemáticos de la formación docente},
 booktitle = { XVI Jornadas del Seminario Interuniversitario de Investigación en Didáctica de las Matemáticas},
 OPTyear = {2001},
 OPTmonth = {Abril},
 OPTorganization = {Escuela de Magisterio de Huesca, Universidad de Zaragoza},
 url = {http://yves.chevallard.free.fr/spip/spip/IMG/pdf/YC_2001_-_Osca.pdf},
}

@InProceedings{Godino2017,
 author = {Godino, J. D. },
 title = {Construyendo un sistema modular e inclusivo de herramientas teóricas para la educación matemática},
 booktitle = {Actas del Segundo Congreso Internacional Virtual sobre el Enfoque Ontosemiótico del Conocimiento y la Instrucción matemáticos},
 year={2017},
 editor = {J.M. Contreras, P. Arteaga, G.R. Cañadas, M.M Gea, B. Giacomone y M.M. López Martín},
 url = {http://enfoqueontosemiotico.ugr.es/civeos/godino.pdf},
}

@Article{Godino2007,
 author = {Godino, J. D., Batanero, C. y Font, V.},
 title = { The onto-semiotic approach to research in mathematics education},
 journal = {The International Journal on Mathematics Education},
 year = {2007},
 volume = {39 },
 number = {1-2},
 pages = {127-135},
 note = {Versión en español, ampliada y actualizada disponible en: Un enfoque ontosemiótico del conocimiento y la instrucción matemáticos1
 Alagia, H, Bressan, A, Sadovsky, P  ( 2007) Reflexiones teóricas para la Educación matemática. Libros del Zorzal. Bs. As},
 }


 @Book{Skovsmose1999,
 title = {Hacia una Filosofía de la Educación Matemática Crítica},
 publisher = {Una empresa docente, Universidad de los Andes},
 year = {1999},
 author = {Skovsmose, O.},
 address = {Bogotá},
 url = {https://www.researchgate.net/publication/279692902_Hacia_una_filosofia_de_la_educacion_matematica_critica},
}


@Book{Skovsmose2012,
 title = {Educación Matemática Crítica: Una visión sociopolítica del aprendizaje y la enseñanza de las matemáticas},
 publisher = {Ediciones Uniandes},
 year = {2012},
 author = {Skovsmose, O. and Valero, P. },
 address = { Bogota, Colombia},
 url = {https://www.etnomatematica.org/home/?p=2580},
} 

@Book{Barker1965,
 title = {Filosofía de la matemática},
 year = {1965},
 author = {Barker, S.},
 publisher = {UTHEA},
 address = {México },
}


@article{Gascon2001,
 title = {Incidencia del modelo epistemológico de las matemáticas sobre las prácticas docentes},
 year = {2001},
 author = {Gascón, J},
 journal={Revista Latinoamericana de Investigación en Matemática Educativa},
 volume={4},
 number={2},
 pages={129-159},
 url={https://www.redalyc.org/pdf/335/33540202.pdf },
}

@Book{Piaget1986,
 title = {Psicogénesis e historia de las ciencias},
 publisher = {Siglo XXI},
 year = {1986},
 author = {Piaget, J. and García, R.},
 address = {México},
 }

 @Book{Pooper1956,
 title = {El desarrollo del pensamiento científico. Conjeturas y refutaciones},
 publisher = {Paidos},
 year = {1956},
 author = {Pooper, K.},
 }
