
@book{karaali2019mathematics,
  title={Mathematics for Social Justice: Resources for the College Classroom},
  author={Karaali, G. and Khadjavi, L.S.},
  isbn={9781470449261},
  lccn={2019000897},
  series={Classroom Resource Materials},
  url={https://books.google.com.ar/books?id=4qGhDwAAQBAJ},
  year={2019},
  publisher={American Mathematical Society}
}

@book{karaali2021mathematics,
  title={Mathematics for Social Justice: Focusing on Quantitative Reasoning and Statistics},
  author={Karaali, G. and Khadjavi, L.S.},
  isbn={9781470449278},
  lccn={2021006205},
  series={Classroom Resource Materials},
  url={https://books.google.com.ar/books?id=K1xQEAAAQBAJ},
  year={2021},
  publisher={American Mathematical Society}
}
@book{buell2021mathematics,
  title={Mathematics for Social Justice},
  author={Buell, C.A. and Shulman, B.},
  isbn={9781000479362},
  url={https://books.google.com.ar/books?id=0d1FEAAAQBAJ},
  year={2021},
  publisher={CRC Press}
}


@book{ FredRoberts1395,
    title = "Applications of Combinatorics and Graph Theory to the Biological and Social Sciences",
    title_sort = "Applications of Combinatorics and Graph Theory to the Biological and Social Sciences",
    author_sort = "Roberts, Fred",
    author = "Fred Roberts",
    cover = "/home/fernando/fer/Biblioteca/calibre/Fred Roberts/Applications of Combinatorics and Graph Theory to the Biological and Social Sciences (1395)/cover.jpg",
    formats = "pdf",
    isbn = "978-14-6846-383-5",
    year = "2012",
    month = "feb",
    publisher = "Springer New York",
    volume = "1",
    size = "9185813 octets" }

@book{ JuanCarlosCortes1396,
    title = "Mathematical Modeling in Social Sciences and Engineering",
    title_sort = "Mathematical Modeling in Social Sciences and Engineering",
    author_sort = "Unknown, Author",
    author = "Juan Carlos Cortés López, Lucas Antonio Jódar Sánchez, Rafael Jacinto Villanueva Micó",
    cover = "/home/fernando/fer/Biblioteca/calibre/Juan Carlos Cortes Lopez, Lucas Antonio Jodar Sanchez, Rafael Jacinto Villanueva Mico/Mathematical Modeling in Social Sciences and Engineering (1396)/cover.jpg",
    formats = "pdf",
    isbn = "978-16-3117-335-6",
    year = "2014",
    month = "abr",
    publisher = "Nova Science Pub Inc",
    volume = "1",
    size = "10892303 octets" }

@book{ DonaldG.Saari1397,
    title = "Mathematics Motivated by the Social and Behavioral Sciences",
    title_sort = "Mathematics Motivated by the Social and Behavioral Sciences",
    author_sort = "Saari, Donald G.",
    author = "Donald G. Saari",
    cover = "/home/fernando/fer/Biblioteca/calibre/Donald G. Saari/Mathematics Motivated by the Social and Behavioral Sciences (1397)/cover.jpg",
    formats = "pdf",
    isbn = "978-16-1197-517-8",
    year = "2018",
    month = "feb",
    publisher = "SIAM",
    volume = "1",
    size = "2122242 octets" }

@book{ LeeRudolph1398,
    title = "Qualitative Mathematics for the Social Sciences: Mathematical Models for Research on Cultural Dynamics",
    title_sort = "Qualitative Mathematics for the Social Sciences: Mathematical Models for Research on Cultural Dynamics",
    author_sort = "Rudolph, Lee",
    author = "Lee Rudolph",
    cover = "/home/fernando/fer/Biblioteca/calibre/Lee Rudolph/Qualitative Mathematics for the Social Sciences\_ Mathematical Models for Research on Cultural D (1398)/cover.jpg",
    formats = "pdf",
    isbn = "978-04-1544-482-8",
    year = "2013",
    month = "dic",
    publisher = "Routledge",
    volume = "1",
    size = "2822608 octets" }

@book{ UrszulaStrawinska-Zanko1399,
    title = "Mathematical Modeling of Social Relationships: What Mathematics Can Tell Us About People",
    title_sort = "Mathematical Modeling of Social Relationships: What Mathematics Can Tell Us About People",
    author_sort = "Strawinska-Zanko, Urszula \& Liebovitch, Larry S.",
    author = "Urszula Strawinska-Zanko and Larry S. Liebovitch",
    cover = "/home/fernando/fer/Biblioteca/calibre/Urszula Strawinska-Zanko/Mathematical Modeling of Social Relationships\_ What Mathematics Can Tell Us About People (1399)/cover.jpg",
    formats = "pdf",
    isbn = "978-33-1976-764-2",
    year = "2018",
    month = "jun",
    publisher = "Springer International Publishing",
    volume = "1",
    size = "6637534 octets" }

@book{ HuijiongWang1400,
    title = "Introduction to Social Systems Engineering",
    title_sort = "Introduction to Social Systems Engineering",
    author_sort = "Wang, Huijiong \& Li, Shantong",
    author = "Huijiong Wang and Shantong Li",
    cover = "/home/fernando/fer/Biblioteca/calibre/Huijiong Wang/Introduction to Social Systems Engineering (1400)/cover.jpg",
    formats = "pdf",
    isbn = "978-98-1107-039-6",
    year = "2018",
    month = "abr",
    publisher = "Springer Singapore",
    volume = "1",
    size = "13074281 octets" }

@book{ AhmadK.Naimzada1401,
    title = "Networks, Topology and Dynamics: Theory and Applications to Economics and Social Systems",
    title_sort = "Networks, Topology and Dynamics: Theory and Applications to Economics and Social Systems",
    author_sort = "Naimzada, Ahmad K. \& Stefani, Silvana \& Torriero, Anna",
    author = "Ahmad K. Naimzada and Silvana Stefani and Anna Torriero",
    cover = "/home/fernando/fer/Biblioteca/calibre/Ahmad K. Naimzada/Networks, Topology and Dynamics\_ Theory and Applications to Economics and Social Systems (1401)/cover.jpg",
    formats = "pdf",
    isbn = "978-35-4068-409-1",
    year = "2008",
    month = "nov",
    publisher = "Springer Science \& Business Media",
    volume = "1",
    size = "3927697 octets" }

@book{ ClaudioCioffi-Revilla1402,
    title = "Introduction to Computational Social Science: Principles and Applications",
    title_sort = "Introduction to Computational Social Science: Principles and Applications",
    author_sort = "Cioffi-Revilla, Claudio",
    author = "Claudio Cioffi-Revilla",
    cover = "/home/fernando/fer/Biblioteca/calibre/Claudio Cioffi-Revilla/Introduction to Computational Social Science\_ Principles and Applications (1402)/cover.jpg",
    formats = "pdf",
    isbn = "978-14-4715-660-4",
    year = "2014",
    month = "ene",
    publisher = "Springer London",
    volume = "1",
    size = "7163187 octets" }





@article{doi:10.1080/10511970.2018.1530707,
author = {Catherine A. Buell and Bonnie Shulman},
title = {An Introduction to Mathematics for Social Justice},
journal = {PRIMUS},
volume = {29},
number = {3-4},
pages = {205-209},
year  = {2019},
publisher = {Taylor & Francis},
doi = {10.1080/10511970.2018.1530707},

URL = { 
    
        https://doi.org/10.1080/10511970.2018.1530707
    
    

},
eprint = { 
    
        https://doi.org/10.1080/10511970.2018.1530707
    
    

}

}

@article{doi:10.1080/10511970.2018.1510862,
author = {Alana Unfried and Judith Canner},
title = {Doing Social Justice: Turning Talk into Action in a Mathematics Service Learning Course},
journal = {PRIMUS},
volume = {29},
number = {3-4},
pages = {210-227},
year  = {2019},
publisher = {Taylor & Francis},
doi = {10.1080/10511970.2018.1510862},

URL = { 
    
        https://doi.org/10.1080/10511970.2018.1510862
    
    

},
eprint = { 
    
        https://doi.org/10.1080/10511970.2018.1510862
    
    

}

}

@article{doi:10.1080/10511970.2018.1506534,
author = {Mark Branson},
title = {Fighting Alternative Facts: Teaching Quantitative Reasoning with Social Issues},
journal = {PRIMUS},
volume = {29},
number = {3-4},
pages = {228-243},
year  = {2019},
publisher = {Taylor & Francis},
doi = {10.1080/10511970.2018.1506534},

URL = { 
    
        https://doi.org/10.1080/10511970.2018.1506534
    
    

},
eprint = { 
    
        https://doi.org/10.1080/10511970.2018.1506534
    
    

}

}

@article{doi:10.1080/10511970.2018.1512538,
author = {Barbara O’Donovan and Krisan Geary},
title = {Measuring Income Inequality in a General Education or Calculus Mathematics Classroom},
journal = {PRIMUS},
volume = {29},
number = {3-4},
pages = {244-258},
year  = {2019},
publisher = {Taylor & Francis},
doi = {10.1080/10511970.2018.1512538},

URL = { 
    
        https://doi.org/10.1080/10511970.2018.1512538
    
    

},
eprint = { 
    
        https://doi.org/10.1080/10511970.2018.1512538
    
    

}

}

@article{doi:10.1080/10511970.2018.1530705,
author = {K. Simic-Muller},
title = {“There Are Different Ways You Can Be Good at Math”: Quantitative Literacy, Mathematical Modeling, and Reading the World},
journal = {PRIMUS},
volume = {29},
number = {3-4},
pages = {259-280},
year  = {2019},
publisher = {Taylor & Francis},
doi = {10.1080/10511970.2018.1530705},

URL = { 
    
        https://doi.org/10.1080/10511970.2018.1530705
    
    

},
eprint = { 
    
        https://doi.org/10.1080/10511970.2018.1530705
    
    

}

}

@article{doi:10.1080/10511970.2018.1456498,
author = {Jared Warner},
title = {The Brokenness of Broken Windows: An Introductory Statistics Project on Race, Policing, and Criminal Justice},
journal = {PRIMUS},
volume = {29},
number = {3-4},
pages = {281-299},
year  = {2019},
publisher = {Taylor & Francis},
doi = {10.1080/10511970.2018.1456498},

URL = { 
    
        https://doi.org/10.1080/10511970.2018.1456498
    
    

},
eprint = { 
    
        https://doi.org/10.1080/10511970.2018.1456498
    
    

}

}

@article{doi:10.1080/10511970.2018.1446478,
author = {jenn berg and Catherine A. Buell and Danette Day and Rhonda Evans},
title = {Meaningful Mathematics: A Social-Justice-Themed-Introductory Statistics Course},
journal = {PRIMUS},
volume = {29},
number = {3-4},
pages = {300-311},
year  = {2019},
publisher = {Taylor & Francis},
doi = {10.1080/10511970.2018.1446478},

URL = { 
    
        https://doi.org/10.1080/10511970.2018.1446478
    
    

},
eprint = { 
    
        https://doi.org/10.1080/10511970.2018.1446478
    
    

}

}

@article{doi:10.1080/10511970.2018.1472683,
author = {Gizem Karaali and Lily S. Khadjavi},
title = {Unnatural Disasters: Two Calculus Projects for Instructors Teaching Mathematics for Social Justice},
journal = {PRIMUS},
volume = {29},
number = {3-4},
pages = {312-327},
year  = {2019},
publisher = {Taylor & Francis},
doi = {10.1080/10511970.2018.1472683},

URL = { 
    
        https://doi.org/10.1080/10511970.2018.1472683
    
    

},
eprint = { 
    
        https://doi.org/10.1080/10511970.2018.1472683
    
    

}

}

@article{doi:10.1080/10511970.2018.1456497,
author = {John Ross and Therese Shelton},
title = {Supermarkets, Highways, and Natural Gas Production: Statistics and Social Justice},
journal = {PRIMUS},
volume = {29},
number = {3-4},
pages = {328-344},
year  = {2019},
publisher = {Taylor & Francis},
doi = {10.1080/10511970.2018.1456497},

URL = { 
    
        https://doi.org/10.1080/10511970.2018.1456497
    
    

},
eprint = { 
    
        https://doi.org/10.1080/10511970.2018.1456497
    
    

}

}

@article{doi:10.1080/10511970.2018.1505792,
author = {Kathy Hoke and Lauren Keough and Joanna Wares},
title = {Mass Incarceration and Eviction Applications in Calculus: A First-Timer Approach},
journal = {PRIMUS},
volume = {29},
number = {3-4},
pages = {345-357},
year  = {2019},
publisher = {Taylor & Francis},
doi = {10.1080/10511970.2018.1505792},

URL = { 
    
        https://doi.org/10.1080/10511970.2018.1505792
    
    

},
eprint = { 
    
        https://doi.org/10.1080/10511970.2018.1505792
    
    

}

}

@article{doi:10.1080/10511970.2018.1530706,
author = {Paul Isihara and Edwin Townsend and Richard Ndkezi and Kevin Tully},
title = {Math for the Benefit of Society: A New MATLAB-Based Gen-Ed Course},
journal = {PRIMUS},
volume = {29},
number = {3-4},
pages = {358-374},
year  = {2019},
publisher = {Taylor & Francis},
doi = {10.1080/10511970.2018.1530706},

URL = { 
    
        https://doi.org/10.1080/10511970.2018.1530706
    
    

},
eprint = { 
    
        https://doi.org/10.1080/10511970.2018.1530706
    
    

}

}

@article{doi:10.1080/10511970.2018.1456499,
author = {Alison S. Marzocchi and Kelly Turner and Bridget K. Druken},
title = {Using Graph Talks to Engage Undergraduates in Conversations Around Social Justice},
journal = {PRIMUS},
volume = {29},
number = {3-4},
pages = {375-395},
year  = {2019},
publisher = {Taylor & Francis},
doi = {10.1080/10511970.2018.1456499},

URL = { 
    
        https://doi.org/10.1080/10511970.2018.1456499
    
    

},
eprint = { 
    
        https://doi.org/10.1080/10511970.2018.1456499
    
    

}

}

@article{doi:10.1080/10511970.2018.1530704,
author = {Nathan N. Alexander and Zeynep Teymuroglu and Carl R. Yerger},
title = {Critical Conversations on Social Justice in Undergraduate Mathematics},
journal = {PRIMUS},
volume = {29},
number = {3-4},
pages = {396-419},
year  = {2019},
publisher = {Taylor & Francis},
doi = {10.1080/10511970.2018.1530704},

URL = { 
    
        https://doi.org/10.1080/10511970.2018.1530704
    
    

},
eprint = { 
    
        https://doi.org/10.1080/10511970.2018.1530704
    
    

}

}


