




@book{buhlmann2011statistics,
  title={Statistics for high-dimensional data: methods, theory and applications},
  author={B{\"u}hlmann, P. and Van De Geer, S.},
  year={2011},
  publisher={Springer Science \& Business Media}
}



@article{efron2004least,
  title={Least angle regression},
  author={Efron, Bradley and Hastie, Trevor and Johnstone, Iain and Tibshirani, Robert and others},
  journal={The Annals of statistics},
  volume={32},
  number={2},
  pages={407--499},
  year={2004},
  publisher={Institute of Mathematical Statistics}
}




@book{friedman,
  title={The Elements of Statistical Learning},
  author={  Hastie, Trevor and Friedman,  Jerome H.  and Tibshirani, R J },
  year={ 2001},
  publisher={Springer}
}





@book{james,
  title={An Introduction to Statistical Learning: with Applications in R},
  author={  James, Gareth and Witten, Daniela and Hastie, Trevor and Tibshirani, Rob },
  year={ 2017},
  publisher={Springer}
}

@book{efron,
  title={An Introduction to the Bootstrap},
  author={ Efron, Bradley and Tibshirani, R.J.},
  year={ 2015},
  publisher={Springer}
}



@book{trevor,
  title={Statistical Learning with Sparsity: The Lasso and Generalizations},
  author={Hastie, Trevor and Tibshirani, Robert and Wainwright, Martin},
  year={ 2015},
  publisher={Chapman and Hall}
}



@book{htf,
  title={The Elements of  Statistical Learning},
  author={Hastie, T. and  Tibshirani, R. and Friedman, J. },
  year={2009},
  publisher={Springer}
}



@book{lauritzen1996graphical,
  title={Graphical {M}odels},
  author={Lauritzen, S. },
  year={1996},
  publisher={Oxford University Press}
}



@book{maro,
  title={Robust Statistics: Theory and Methods (with R) },
  author={Maronna, R. and Douglas M. and Yohai,V. and Salibian-Barrera},
  year={2019},
  publisher={Wiley}
}



@book{poura,
  title={High-Dimensional Covariance Estimation},
  author={Pourahmadi, M. },
  year={2013},
  publisher={Wiley}
}

 

@book{neste,
  title={ Introductory Lectures on Convex Optimization},
  author={ Nesterov, Y.},
  year={2004},
  publisher={Kluwer Academic Publishers}
}



@book{giraud,
  title={Introduction to High-Dimensional Statistics},
  author={Giraud, C. },
  year={2014},
  publisher={Chapman and Hall}
}


@book{vanDalen:2004,
	author = { van Dalen, D. },
	edition = {5th},
	isbn = {978-1-4471-4557-8},
	publisher = {Springer},
	series = {Universitext},
	title = {Logic and structure},
	year = {2004}
}


@book{grimmet,
	author = {Grimmett, G. and Stirzaker, D. },
	edition = {4th},
	isbn = {978-0198847595},
	publisher = {Oxford University Pressr}, 
	title = {Probability and Random Processes},
	year = {2020}
}


@book{Ebbinghaus:2004,
	author = {Ebbinghaus,  H. D.  and  Flum, J.  and Thomas, W. },
	isbn = {978-1-4757-2355-7},
	publisher = {Springer},
	series = {Undergraduate Texts in Mathematics},
	title = {Mathematical Logic},
	year = {1994}
}


@book{hirsch2012differential,
  title={Differential equations, dynamical systems, and an introduction to chaos},
  author={Hirsch, M. W. and Smale, S. and Devaney, R. L},
  year={2012},
  publisher={Academic press}
}

@book{lebedev2010tensor,
  title={Tensor analysis with applications in mechanics},
  author={Lebedev, L. P. and Cloud, M. J. and Eremeyev, V. A},
  year={2010},
  publisher={World Scientific}
}

@book{selig2004geometric,
  title={Geometric fundamentals of robotics},
  author={Selig, J. M},
  year={2004},
  publisher={Springer Science \& Business Media}
}

@book{holm2008geometric,
  title={Geometric Mechanics: Part II: Rotating, Translating and Rolling},
  author={Holm, D. D.},
  year={2008},
  publisher={World Scientific Publishing Company}
}

@book{holm2008geometric2,
  title={Geometric mechanics: Dynamics and symmetry},
  author={Holm, D. D.},
  volume={1},
  year={2008},
  publisher={Imperial College Press}
}

@book{scheck2010mechanics,
  title={Mechanics: from Newton's laws to deterministic chaos},
  author={Scheck, F.},
  year={2010},
  publisher={Springer Science \& Business Media}
}

@book{epstein2014differential,
  title={Differential geometry: basic notions and physical examples},
  author={Epstein, M.},
  year={2014},
  publisher={Springer}
}

@book{epstein2010geometrical,
  title={The geometrical language of continuum mechanics},
  author={Epstein, M.},
  year={2010},
  publisher={Cambridge University Press}
}

@book{heard2006rigid,
  title={Rigid body mechanics},
  author={Heard, W. B.},
  year={2006},
  publisher={Wiley Online Library}
}

@misc{goldstein2002classical,
  title={Classical mechanics},
  author={Goldstein, H. and Poole, C. and Safko, J.},
  year={2002},
  publisher={American Association of Physics Teachers}
}

@book{talpaert2013tensor,
  title={Tensor analysis and continuum mechanics},
  author={Talpaert, Y. R.},
  year={2013},
  publisher={Springer Science \& Business Media}
}

@book{nayfeh2008applied,
  title={Applied nonlinear dynamics: analytical, computational, and experimental methods},
  author={Nayfeh, A. H. and Balachandran, B.},
  year={2008},
  publisher={John Wiley \& Sons}
}




@BOOK{ferrari,
  author =       {Galves, A. and Ferrari, P.},
  title =        { Construction of stochastic processes, coupling and regeneration},
  publisher =    {Instituto de Matemática e Estatística},
  year =         {2001},
  }



@BOOK{shir,
  author =       {Shiryaev, A.},
  title =        { Probability},
  publisher =    {Springer},
  year =         {1996},
  }




@BOOK{bremaud,
  author =       {Bremaud, P.},
  title =        { Markov Chains},
  publisher =    {Springer},
  year =         {1999},
  }



@BOOK{varadhan,
  author =       {Varadhan, S. },
  title =        { Probability The
ory},
  publisher =    {AMS},
  year =         {2001},
  }



@BOOK{grimm1,
  author =       {Grimmett, G. },
  title =        { Probability on graphs. Random processes on graphs and lattices},
  publisher =    { Cambridge University Press},
  year =         {2010},
  }










@BOOK{box,
  author =       {Box, G. and Jenkins, G. and  Reinsel, G. and  Ljung, G.},
  title =        {Time Series Analysis: Forecasting and Control},
  publisher =    {Wiley},
  year =         {2015},
  }

@BOOK{brdav1,
  author =       {Brockwell, P. and  Davis, R. },
  title =        {Introduction to Time Series and Forecasting },
  publisher =    {Springer},
  year =         {2016},
  }

@BOOK{brdav2,
  author =       {Brockwell, P. and  Davis, R. },
  title =        {Time Series: Theory and Methods},
  publisher =    {Springer- Verlag},
  year =         {1987},
  }



@BOOK{hamil,
  author =       {Hamilton, J.  },
  title =        {Times Series Analysis},
  publisher =    {Princeton University Press},
  year =         {1994},
  }



@BOOK{hoel,
  author =       {Hoel, P. and  Port, S. and Stone, Ch.  },
  title =        {Introduction to Stochastic Processes},
  publisher =    { Waeland Press, Inc},
  year =         {1972},
  }







@BOOK{wrma,
  author =       {Wright,J. and Ma, Y. },
  title =        {High-Dimensional Data Analysis
with Low-Dimensional Models: Principles, Computation, and Applications},
  publisher =    {Cambridge University Press},
  year =         {2022},
}





@BOOK{wrre,
  author =       {Wright,S. and Recht, B. },
  title =        {Optimization for Data Analysis},
  publisher =    {Cambridge University Press},
  year =         {2022},
}





@BOOK{giho,
  author =       {Givens,G. and Hoeting, J. },
  title =        {Computational Statistics},
  publisher =    {Wiley},
  year =         {2012},
}





@BOOK{jost,
  author =       {Jost, J.},
  title =        {Partial Differential Equations},
  publisher =    {Springer},
  year =         {2002},
}

@BOOK{heath,
  author =       {Heath, M.},
  title =        {Scientific Computing},
  publisher =    {Mc Graw Hill},
  year =         {2002},
  }

@BOOK{stoer,
  author =       {Stoer, J. and Bulirsch, R.},
  title =        {Introduction to Numerical analysis},
  publisher =    {Springer},
  year =         {2002},
  }




@BOOK{johnson,
  author =       {Johnson, R. and Wichern, D.},
  title =        {Applied Multivariate Statistical Analysis},
  publisher =    {Prentice Hall},
  year =         {2013},
  }





@Book{ Cuadras,
 author    = { Cuadras, C. M.},
  title     = { Nuevos Métodos de Análisis Multivariante },
  publisher = { CMC Editions Barcelona},
  year      = {2020}, 
}

@Book{ Rencher,
 author    = { Rencher, A.C. and Christensen, W.F.},
  title     = { Methods of Multivariate Analyisis },
  publisher = { John Wiley },
  year      = {2012}
}

 

@Book{Hair,
  title         = {Análisis multivariante},
  publisher     = {Pearson Educación},
  year          = {1999},
  author        = {Hair, J. F. and Prentice, E. and Cano, D.},
  series        = {Fuera de colección Out of series},
 }




@book{penia,
  title={An{\'a}lisis de datos multivariantes},
  author={Pe{\~n}a, D.},
  isbn={9788448136109},
  url={https://books.google.com.ar/books?id=TrVlAAAACAAJ},
  year={2002},
  publisher={McGraw-Hill Interamericana de Espa{\~n}a S.L.}
}


@Book{Everitt,
  title     = {Applied Multivariate Data Analysis},
  publisher = {Wiley},
  year      = {2001},
  author    = {Everitt, B. S. and Everitt, D. B. C. B. S. and Dunn, G.},
}

@Book{Jimenez2005,
  author        = {Jiménez, E. U. and Manzano, J. A.},
  title         = {Análisis multivariante aplicado: aplicaciones al marketing, investigación de mercados, economía, dirección de empresas y turismo},
  publisher     = {Thomson},
  year          = {2005},
 }


@BOOK{anderson,
  author =       {Anderson, T.},
  title =        {An Introduction to Multivariate Statistical Analysis},
  publisher =    {Wiley},
  year =         {2003},
  }



@BOOK{bachman,
  author =       {Bachman, G. and Narice,  L. },
  title =        {Functional Analysis},
  publisher =    {Academic Press},
  year =         {1996},
  }


@BOOK{clarke,
  author =       {Clarke, F.},
  title =        {Functional Analysis, Calculus of Variations and Optimal Control},
  publisher =    {Springer Science and Business Media},
  year =         {2013},
  }

@BOOK{Conway,
  author =       {Conway, J.},
  title =        {A Course In Functional Analysis},
  publisher =    {Springer Verlag},
  year =         {1985},
  }

@BOOK{markin,
  author =       {Markin, M.V.},
  title =        {Elementary Functional Analysis},
  publisher =    {De Gruyter Textbook},
  year =         {2018},
  }

@BOOK{Rudin,
  author =       { Rudin, W.},
  title =        {Análisis Funcional},
  publisher =    {Editorial Reverte},
  year =         {2002},
  }

@BOOK{sasane,
  author =       {Sasane, A.},
  title =        {Friendly Approach To Functional Analysis},
  publisher =    {World Scientific Publishing Company},
  year =         {2017},
  }


@BOOK{stein,
  author =       {Stein, E. },
  title =        {Functional Analysis: Introduction to Further Topics in Analysis},
  publisher =    {Princeton Lectures in Analysis},
  year =         {2011},
  }

@BOOK{willem,
  author =       { Willem, M. },
  title =        {Functional analysis. Fundamentals and applications},
  publisher =    {Birkhäuser},
  year =         {2013},
  }


@BOOK{simmons,
  author =       { Simmons, G. F.},
  title =        {Introduction to Topology and Modern Analysis},
  publisher =    {McGraw-Hill Education},
  year =         {2004},
  }

@BOOK{trenoguin,
  author =       { Trenoguin, V.A.  and  Disarievski,  B.M. and Soboleva, T.S.},
  title =        {Problemas y Ejercicios de Análisis Funcional},
  publisher =    {Editorial Mir},
  year =         {1987},
  }


(6) (2010) 681-697.



@article{ baksalary,
  title={Core inverse of matrices},
  author={ Baksalary,  O.M. and Trenkler, G.},
  journal={Linear Multilinear Algebra,},
  volume={58},
  number={6},
  pages={681-697},
  year={2010},
 
}


@article{manjunatha ,
  title={Core-EP inverse},
  author={Manjunatha Prasad,  K. and  Mohana, K.S.},
  journal={Linear Multilinear Algebra,},
  volume={62},
  number={6},
  pages={792-802},
  year={2014},
 
}
 
@BOOK{Mitra,
  author =       {Mitra,  S.K.   and Bhimasankaram, P. and Malik,  S.B. },
  title =        {Matrix partial orders, shorted operators and applications},
  publisher =    { World Scientific Publishing Company, Singapore},
  year =         {2010},
  }




@BOOK{benisrael,
  author =       { Ben-Israel, A, and  Greville,  T.N.E},
  title =        {Generalized Inverses: Theory and Applications},
  publisher =    { Segunda Ed., Springer-Verlag},
  year =         {2003},
  }


@BOOK{campbell,
  author =       {Campbell, S. L. and Meyer, C.D. Jr.},
  title =        {Generalized Inverses of Linear Transformations},
  publisher =    {SIAM},
  year =         {2009},
  }


@BOOK{ferreyra,
  author =       {Ferreyra, D.E.  and  Malik, S.B.  and  Thome, N},
  title =        {Recent Topics in Generalized Matrix Inverses and Applications},
  publisher =    {Book-Preprint},
  year =         {2020},
  }




@BOOK{mitra,
  author =       {S.K. Mitra, P. Bhimasankaram, S.B. Malik},
  title =        {Matrix partial orders, shorted operators and applications},
  publisher =    {World Scientific Publishing Company},
  year =         {2010},
  }





@BOOK{cvetkovic,
  author =       {Cvetkovic, D. and Wei, Y.},
  title =        {Algebraic Properties of Generalized Inverses},
  publisher =    {Springer},
  year =         {2017},
  }

@BOOK{meyer,
  author =       {Meyer, C. D.},
  title =        {Matrix Analysis and Applied Linear Algebra},
  publisher =    {SIAM},
  year =         {2000},
  }

@BOOK{piziak, 
  author =       { Piziak, R. and Odell,  P.L. },
  title =        {Matrix Theory: From Generalized Inverses to Jordan Form},
  publisher =    {Chapman and Hall },
  year =         {2007},
  }

@BOOK{puntanen,
  author =       {Puntanen, S. and  Styan, G.P.H. and  Isotalo, J},
  title =        {Matrix Tricks for Linear Statistical Models},
  publisher =    {Springer},
  year =         {2011},
  }

@BOOK{thome,
  author =       {Thome, N.},
  title =        {Notas del Curso Análisis Matricial, Inversas Generalizadas y Aplicaciones},
  publisher =    {Universitat Politècnica de València},
  year =         {2015},
  }

@BOOK{wangoiao,
  author =       {Wang, G.  and Qiao, W.},
  title =        {Generalized Inverses: Theory and Computations},
  publisher =    {Graduate Textbook of Shangai, Science Press},
  year =         {2018},
  }


@ARTICLE{wangli,
  author =       {Wang, H. and Liu,  X. },
  title =        {Characterizations of the core inverse and the core partial ordering},
  journal =      {Linear Multilinear Algebra},
  year =         {2015},
  volume =       {63(9)},
  pages =        {1829-1836},
}

@ARTICLE{wang,
  author =       {Wang, H.  },
  title =        {Core-EP decomposition and its applications},
  journal =      {Linear Algebra Appl.},
  year =         {2016},
  volume =       {508},
  pages =        {289-300},
}


@BOOK{wangweioiao,
  author =       {Wang,  G. and Wei, Y.  and  Qiao, S.},
  title =        {Generalized Inverses: Theory and Computations},
  publisher =    {Springer-Nature, Singapore},
  year =         {2018},
  }


@ARTICLE{baksalarybaksalary,
  author =       {Baksalary, J. K. and  Baksalary, V and  Liu,  X. },
  title =        {Further relationships between certain partial orders of matrices and their squares},
  journal =      {Linear Algebra Appl.},
  year =         {2003},
  volume =       {375},
  pages =        { 171-180},
}


@ARTICLE{baksalaryhauke,
  author =       {Baksalary, J. K. and  Hauke, J.  },
  title =        {A furher algebraic vesion of Cochran's theorem and matrix partial orderings},
  journal =      {Linear Algebra Appl.},
  year =         {1990},
  volume =       {127},
  pages =        {157-169},
}


@ARTICLE{baksalaryhaukeliu,
  author =       {Baksalary, J. K. and  Hauke, J. and Liu, X and  Liu,  S},
  title =        {Relationships between partial orders of matrices and their powers},
  journal =      {Linear Algebra Appl.},
  year =         {2004},
  volume =       {379},
  pages =        { 277-287},
}

@ARTICLE{ferreyramalik,
  author =       {D.E. Ferreyra, S.B. Malik},
  title =        {Some new results on of the core partial order},
  journal =      {Linear Multilinear Algebra},
  year =         {2020},
  pages =        { DOI: 10.1080/03081087.2020.1841078},
}

@ARTICLE{ hartwig,
  author =       {Hartwig, R.E. and  Styan,  G.P.H.},
  title =        {On some characterizations of the Star partial ordering for matrices and rank subtractivity},
  journal =      {Linear Algebra Appl.},
  year =         {1986},
 volume =       {82},
  pages =        {145-161},
}


@ARTICLE{ hartwigspin,
  author =       {Hartwig, R.E. and  Spindelböck, K.},
  title =        {Matrices for which $A^*$ and $A^\dag$ conmmute},
  journal =      {Linear Multilinear Algebra},
  year =         {1984},
 volume =       {14 (3)},
  pages =        {241-256},
}



@ARTICLE{kurata,
  author =       {Kurata, H.},
  title =        {Some theorems on the core inverse of matrices and the core partial ordering},
  journal =      { App. Math. Comput.},
  year =         {2018},
 volume =       {316},
  pages =        {43-51},
}



@ARTICLE{malik,
  author =       {Malik, S.B.},
  title =        {Some more properties of core partial order},
  journal =      { App. Math. Comput.},
  year =         {2013},
 volume =       {221},
  pages =        {192-201},
}



@ARTICLE{malikrueda,
  author =       {Malik, S.B. and Rueda, L. and Thome,  N. },
  title =        { Further properties on the core partial order and other matrix partial orders},
  journal =      { Linear Multilinear Algebra},
  year =         {2014},
 volume =       {62(12)},
  pages =        { 1629-1648},
}



@BOOK{thome,
  author =       {Thome,  N. and Hernández, A. },
  title =        { Introducción a órdenes parciales matriciales},
  publisher =    {Serie: Cursos . Vol. 4,  Sociedad Matemática Mexcana, México},
  year =         {2017},
}


@BOOK{cvetkovic,
  author =       {Cvetkovic, D. and  Wei, Y. },
  title =        { Algebraic Properties of Generalized Inverses},
  publisher =    {Springer- Nature, Singapore},
  year =         {2017},
}

@BOOK{djordjevic,
  author =       {D. Djordjević, V. Rakočević},
  title =        {  Lectures on generalized inverses},
  publisher =    { University of Niš},
  year =         {2009},
}


@BOOK{halmos,
  author =       { Halmos, P.R.},
  title =        { A Hilbert Space Problem Book},
  publisher =    {  Springer-Verlag, second edition, New York},
  year =         {1982},
}



@BOOK{kato,
  author =       {Kato, T.},
  title =        { Perturbation theory for linear operators},
  publisher =    { Springer, Berlin},
  year =         {1976},
}



@ARTICLE{ hernandez,
  author =       {Hernández, A. },
  title =        {Órdenes parciales y pre-órdenes definidos a partir de matrices inverses generalizadas},
  journal =      {Tesis doctoral, Universitat Politècnica de València. España},
  year =         {2016},
}





@BOOK{yanai,
  author =       {Yanai, H. and  Takeuchi, K. and Takane, Y},
  title =        {Projection Matrices, Generalized Inverse Matrices, and Singular Value Decomposition},
  publisher =    {Springer},
  year =         {2011},
  }

@BOOK{Cheney,
  author =       {E.W. Cheney},
  title =        {Introduction to Approximation Theory },
  publisher =    {McGraw-Hill},
  year =         {1996},
  }

@BOOK{iske,
  author =       {Iske, A.},
  title =        {Approximation Theory and Algorithms for Data Analysis },
  publisher =    {Texts in Applied Mathematics Volume 68, Springer},
  year =         {2018},
  }

@BOOK{levis1,
  author =       {F.E. Levis},
  title =        {Introducción a la Teoría de Aproximación },
  publisher =    {Universidad Nacional de Río Cuarto},
  year =         {2020},
  }


@ARTICLE{levis2,
  author =       {Levis, F. E.},
  title =        { Weak inequalities for maximal functions in Orlicz-Lorentz spaces and applications },
  journal =      {Journal of Approximation Theory},
  year =         {2010},
  volume =       {162},
  pages =        {239-251},
}

@BOOK{ lindenstrauss,
  author =       {Lindenstrauss, J. and Tzafriri, L.},
  title =       { Classical Banach Spaces II },
  publisher =    {Springer},
  year =         {2013},
  }

@BOOK{ krein,
  author =       {Krein, S.G. and  Petunin, Ju.I. and Semenov, V.},
  title =       { Interpolation of linear operator },
  publisher =    {AMS},
  year =         {1982},
  }


@BOOK{ triebel,
  author =       { Triebel, H.},
  title =       {Interpolation theory, function spaces, differential operators},
  publisher =    {North-Holland},
  year =         {1978},
  }

@BOOK{ zaanen,
  author =       { Zaanen, A.C.},
  title =       {Introduction to Operator Theory in Riesz Spaces},
  publisher =    {Springer},
  year =         {1997},
  }

@BOOK{harjulehto,
  author =       {Harjulehto, P.  and Hästö, P. },
  title =       {Orlicz Spaces and Generalized Orlicz Spaces},
  publisher =    {Springer},
  year =         {2019},
  }

@BOOK{kokilashvili,
  author =       { Kokilashvili, V. M. and Krbec, M. },
  title =       {Weighted inequalities in Lorentz and Orlicz spaces},
  publisher =    {World Scientific},
  year =         {1991},
  }


@BOOK{ krasnosel'skii,
  author =       { Krasnosel'skii, M. A. and  Rtuickii, Yz. B.},
  title =       {Convex Functions and Orlicz Spaces},
  publisher =    {Noordhoff, Ltd.},
  year =         {1961},
  }

@BOOK{ langmendez,
  author =       {Lang, J. and Memdez, O.F. },
  title =       {Real-Variable Theory of Musielak-Orlicz Hardy Spaces},
  publisher =    {CRC Press},
  year =         {2019},
  }

@BOOK{maligranda,
  author =       {Maligranda, L.},
  title =       {Orlicz spaces and interpolation},
  publisher =    { Universidade Estadual de Campinas},
  year =         {1989},
  }

@BOOK{stanimirovic, 
  author =       {  Stanimirovic, I. },
  title =       {Computation of Generalized Matrix Inverses and Applications},
  publisher =    {Taylor andFrancis Group. Canadá},
  year =         {2017},
  }



@BOOK{raomitra,
  author =       { Rao, C.R. and Mitra, S.K. },
  title =       {Generalized inverse of matrices and its applications},
  publisher =    {John Wiley and Sons, Nueva York},
  year =         {1971},
  }

@BOOK{rao,
  author =       {Rao, M.M.  and  Ren, Z.D.},
  title =       {Theory of Orlicz spaces},
  publisher =    { Marcel Dekker},
  year =         {1991},
  }

@BOOK{raoren,
  author =       { Rao, M.M. and  Ren, Z.D.},
  title =       {Applications of Orlicz spaces},
  publisher =    { Marcel Dekker},
  year =         {2002},
  }

@BOOK{yang,
  author =       { Yang, D. and Liang, Y. and  Ky, L.D.},
  title =       {Real-Variable Theory of Musielak-Orlicz Hardy Spaces},
  publisher =    { Springer},
  year =         {2017},
  }







@BOOK{lorentz,
  author =       {G.G. Lorentz},
  title =        {Approximation of Functions},
  publisher =    {AMS Chelsea Publishing},
  year =         {1986},
  }

@BOOK{pinkus,
  author =       {Pinkus, A.},
  title =        {On L1-Approximation},
  publisher =    { Cambridge University Press},
  year =         {1989},
  }

@BOOK{lorentzs,
  author =       {G.G. Lorentz},
  title =        {Approximation of Functions},
  publisher =    {AMS Chelsea Publishing},
  year =         {1986},
  }


@BOOK{singer,
  author =       {Singer, I.},
  title =        {Best Approximation in Normed Linear Spaces by Elements of Linear Subspaces},
  publisher =    {Publishing House of the Academy of the Socialist Republic of Romania},
  year =         {1970},
  }

@BOOK{singer,
  author =       {I. Singer},
  title =        {Best Approximation in Normed Linear Spaces by Elements of Linear Subspaces},
  publisher =    {Publishing House of the Academy of the Socialist Republic of Romania},
  year =         {1970},
  }

@BOOK{bergh,
  author =       {Bergh,  J. and Löfström, J.},
  title =        {Interpolation Spaces, An Introduction},
  publisher =    {Springer},
  year =         {1976},
  }

@BOOK{carro,
  author =       { Carro, M.J. and  Raposo, J.A. and  Soria, J.},
  title =        {Recent Developments in the Theory of Lorentz Spaces and Weighted Inequalities},
  publisher =    {AMS},
  year =         {2007},
  }

@BOOK{edmunds,
  author =       { Edmunds, D.  E. and Triebel, H. },
  title =        {Function Spaces, Entropy Numbers, Differential Operators},
  publisher =    {Cambridge Univ. Press},
  year =         {1996},
  }

@BOOK{ garnett,
  author =       { Garnett, J. B. },
  title =        {Bounded Analytic Functions},
  publisher =    {Springer-Verlag},
  year =         {2006},
  }








@BOOK{casella,
  author =       {G. Casella and R. Berger},
  title =        {Statistical Inference },
  publisher =    {Duxbury},
  year =         {2001},
  }


@BOOK{mardia,
  author =       {Mardia, K. and Kent, J.  and Bibby, J.},
  title =        {Multivariate Analysis},
  publisher =    {Academic Press},
  year =         {1919},
  }


@BOOK{bergounioux,
author = {Bergounioux, M.},
title = { Optimization et controle des systèmes linéaires },
publisher = { Dunodl },
year = {2001},
}



@book{brezis,
    title = "Functional Analysis, Sobolev Spaces and Partial Differential Equations",
    author = { Brezis, H .},
    isbn = "978-03-8770-913-0",
    year = "2010",
    month = "nov",
    publisher = "Springer Science and Business Media",
    languages = "eng" }


@BOOK{cea,
author = {Cea, J.},
title = { Optimisation: thérie et algoritmes },
publisher = { Dunod },
year = {1971},
}

@BOOK{fattorini,
author = {Fattorini, H. O.},
title = { Infinite dimensional optimization and control theory },
publisher = { Cambridge University Press },
year = {1999},
}


@BOOK{faure,
author = {Faure, P.},
title = { Analyse numérique. Notes d'optimization },
publisher = { Ellipses },
year = {1988},
}


@BOOK{vanbrunt,
author = {Van Brunt B.},
title = { The calculus of variations },
publisher = { Springer },
year = {2004},
}

@BOOK{mircea,
author = {Mircea, S. and Matei, A.},
title = { Variational inequalities with applications. A study of antiplane frictional contact problems},
publisher = { Springer },
year = {2009},
}






@BOOK{kinderlehrer,
author = {Kinderleherer, D. and Stampacchia, G.},
title = { An introduction to variational inequalities and their applications },
publisher = { SIAM },
year = {2000},
}

@BOOK{lions,
author = {Lions, J. L.},
title = { Controle optimal des systemes gouvernés par des équations aux dérivées partielles },
publisher = { Dunod-Gauthier Villars },
year = {1968},
}


@BOOK{tarzia,
author = {Tarzia,  D. A.},
title = { Introducción a las inecuaciones variacionales elípticas y sus aplicaciones a problemas de frontera libre },
publisher = { Centro Latinoamericano de Matemática e Informática, CLAMI – CONICET. Nro 5 },
year = {1981},
}

@BOOK{troltzsch,
author = {Troltzsch,  F.},
title = { Optimal control of partial differential equations. Theory, methods and applications },
publisher = { American Mathematical Society, Providence, Rhode Island },
year = {2010},
}


@ARTICLE{moser1,
  author =       {Moser, J.},
  title =        {A new proof of de Giorgi's Theorem concerning the regularity problem for elliptic differential equations},
  journal =      {Comm. Pure Appl. Math},
  year =         {1960},
  volume =       {13},
  pages =        {457-468},
}


@ARTICLE{Moser,
  author =       {Moser, J.},
  title =        {On Harnack's theorem for elliptic differential equations},
  journal =      {Comm. Pure Appl. Math},
  year =         {1961},
  volume =       {14},
  pages =        {577-591},
}

@ARTICLE{campanato,
  author =       {Campanato, S.},
  title =        { Equazioni ellittiche del ii  ordine e spazi  $\mathcal{L}^{(2,\lambda)}$ },
  journal =      {Ann. Mat. Pura Appl.},
  year =         {1965},
  volume =       {69},
  number =       {4},
  pages =        {321-381},
}
@MISC{caffa,
  author =       {Caffarelli, L.},
  title =        {Basic Tools for the Regularity Theory of Nonlinear Elliptic Equations},
  month =        {Agosto},
  year =         {2005},
 note =       {Video Conferencia, Introductory Workshop in Nonlinear Elliptic Equations and Its Applications},
  howpublished = {\url{http://www.msri.org/calendar/workshops/WorkshopInfo/299/show_workshop}},
}
An Introduction to the Elliptic Partial Differential Equations

@MISC{evansvideo,
  author =       {Evans, L.},
  title =        {An Introduction to the Elliptic Partial Differential Equations},
  month =        {Agosto},
  year =         {2005},
 note =       {Video Conferencia, MSRI Workshop for Women in Mathematics: An Introduction to Elliptic Partial Differential Equations},
  howpublished = {\url{http://www.msri.org/calendar/workshops/WorkshopInfo/324/show_workshop}},
}

@BOOK{boothby,
author = {Boothby, W. M.},
title = { Introduction to Differentiable Manifolds and Riemannian Geometry},
publisher = { Academic Press Inc.},
year = {1986},
}


@BOOK{lang,
author = {Lang, S.},
title = {Introduction to Differentiable Manifolds},
publisher = { Academic Press Inc.},
year = {2002},
}

@BOOK{tu,
author = {Tu, Loring, W.},
title = { An introduction to Manifolds },
publisher = { Springer Science, second edition },
year = {2010},
}

@BOOK{warner,
author = { Warner, F. W.},
title = { Foundations of Differentiable Manifolds and Lie Groups },
publisher = { Graduate Texts in Mathematics. Springer },
year = {2013},
}


@BOOK{diaz,
author = { Díaz, M.},
title = { Introducción a las variedades diferenciables },
publisher = {pdf },
year = {2016},
}

@BOOK{montesinos,
author = { Montesinos Amilibia, A.},
title = { Variedades Diferenciables },
publisher = {pdf },
year = {2005},
}

@BOOK{sanchez,
author = { Sánchez Caja, M. Flores Dorado, J. L. },
title = { Introducción a la Geometría Diferencial de Variedades },
publisher = { Departamento de Geometría y Topología. Universidad de Granada},
year = {2003},
}


@BOOK{santalo,
author = { Santaló, L.},
title = { Introducción a la geometría diferencial de variedades diferenciables },
publisher = { Departamento de Matemática Facultad de Ciencias Exactas UBA },
year = {2011},
}








@BOOK{bazaraa1,
  author =       {Bazaraa, M.  and Jarvis, J. and Sherali, H.},
  title =        {Linear Programming and Network Flows},
  publisher =    {Wiley, 3rd. edition},
  year =         {2009},
 }

@BOOK{bazaraa2,
  author =       {Bazaraa, M.  and Sherali, H. and Shetty, C.},
  title =        {Nonlinear Programming, Theory and Algorithms},
  publisher =    {Wiley, 3rd. edition},
  year =         {2006},
 }

@BOOK{griva,
  author =       { Griva,  I. and  Nash, S. and Sofer, A. },
  title =        {Linear and Nonlinear Optimization},
  publisher =    {SIAM, 2nd. edition},
  year =         {2009},
 }


@BOOK{Luenberger,
  author =       { Luenberger, D. and  Ye, Y.  },
  title =        {Linear and Nonlinear Programming},
  publisher =    {Springer, 4th. edition},
  year =         {2016},
 }

@BOOK{nocedal,
  author =       { Nocedal, J. and Wright, S.  },
  title =        {Numerical Optimization},
  publisher =    {Springer, 2nd. edition},
  year =         {2006},
 }




@BOOK{baza,
  author =       {Bazaraa, M.S. and Jarvis J.J},
  title =        {Programación lineal y flujo en redes},
  publisher =    {Limusa,  },
  year =         {1995},
  address =      {México, D.F.},
}

@BOOK{zau,
  author =       {Zauderer, E.},
  title =        {Partial Differential Equations of Applied Mathematics},
  publisher =    {Wiley},
  year =         {1998},
}

@BOOK{perko,
  author =       {Perko, L.},
  title =        {Differential Equations and Dynamical Systems},
  publisher =    {Springer},
  year =         {1991},
}

@BOOK{baza2,
  author =       {Bazaraa, M.S. and Sherali H.D. and Shetty},
  title =        {Nonlinear Programming, Theory and Algorithms},
  publisher =    {Wiley},
  year =         {1993},
}


@BOOK{hillier,
  author =       {Hillier, F.S. and Lieberman, G.J.},
  title =        {Investigación de operaciones},
  publisher =    {McGraw Hill},
  year =         {2002},
}



@BOOK{luenber,
  author =       {Luenberger, D. E.},
  title =        {Programación lineal y no lineal},
  publisher =    {Addison-Wesley Iberoamericana},
  year =         {1989},
}

@BOOK{taha,
  author =       {Taha, H.A.},
  title =        { Investigación de operaciones},
  publisher =    {Pearson},
  year =         {2004},
  }



@BOOK{hock,
  author =       {Hocking, R.},
  title =        {Methods and Applications of Linear Models},
  publisher =    {Wiley},
  year =         {2013},
}




@BOOK{ben,
  author =       {Bennet, C. and  Sharpley, R.},
  title =        {Interpolation of Operators},
  publisher =    {Academic Press},
  year =         {1988},
}


@ARTICLE{kami,
  author =       {Kaminska, A.},
  title =        {Some remarks on Orlicz-Lorentz spaces},
  journal =      {Math. Nachr},
  year =         {1990},
  volume =       {147},
  pages =        {29-38},
}

@BOOK{krano,
  author =       {M.A. Kranosselskii and Y.B. Rutikii},
  title =        {Convex Functions and Orlicz Spaces},
 publisher =    {P. Noordhoff},
 year =         {1961},
}

@ARTICLE{lecu,
  author =       { Levis, F.E. and Cuenya, H.H. },
  title =        {Gateaux Differentiability in Orlicz-Lorentz spaces and Applications},
  journal =      {Math. Nach.},
  year =         {2007},
  volume =       {280},
  pages =        {1282-1296},
}





@BOOK{hoffman,
  author =       {Hoffman, K. and Kunze, R.},
  title =        {Algebra Lineal},
  publisher =    {Prentice Hall},
  year =         {1981},
  }


@BOOK{watkins,
author={Watkins, W.},
title={Fundamentals of Matrix Computations},
publisher={Wiley},
year={2002},
}

@MISC{bologna,
author =       {ANEA},
  note =       {Agencia Nacional de Evaluaci'on y Acreditaci'on},
  title =        {T'itulo de Grado en Matem'aticas},
howpublished = {\url{www.aneca.es/modal\_eval/docs/conver\_matematicas.pdf}},
  year =         {2004},
}

@MISC{pav2003,
author={SECyT (Argentina)},
title = {Bases Subsidios de Proyectos de áreas de Vacancia 2003},
howpublished = {\url{http://www.agencia.gov.ar/IMG/pdf/pav2003_bases.pdf}},
year = {2003},
}


@MISC{siam,
author =    {SIAM},
title =        {The {SIAM} report
on Mathematics in Industry},
howpublished = {\url{http://www.siam.org/about/mii/report.php}},
  year =         {1998},
}

@MISC{uma,
  author =       {UMA},
  title =        {Oferta educativa universitaria de matem'atica},
  year =         {1997},
}


@BOOK{kelley,
  author =       {J. Kelley},
  title =        {Topolog'ia General},
  publisher =    {Eudeba},
  year =         {1962},
  }


@BOOK{nakahara,
  author =       {{}Nakahara, M.},
  title =        {Geometry, Topology and Physics},
  publisher =    {Adam Hilger},
  year=          {1990},
}

@BOOK{munkres,
  author =       {J. Munkres},
  title =        {Topology},
  publisher =    {Prentice Hall},
  year =         {2000},
}

@BOOK{katok,
  author =       {A. Katok},
  title =        {An overview of basic topics in topology and related areas of geometry},
  url=           {http://www.math.psu.edu/katok_a/Sections1-8-rev.pdf}
} @BOOK{rudin,
  author =       {W. Rudin},
  title =        {Real and Complex Analysis},
  publisher =    {McGraw Hill},
  year =         {1970},
}

@BOOK{mitfourier,
  author =       {MIT},
  title =        {An'alisis  de Fourier Teor'ia y Aplicaciones},
  url =      {http://ocw.mit.edu/OcwWeb/Mathematics/},
  note =       {Material del curso del mismo nombre (MIT)},
}


@BOOK{favazo,
  author =       {N. Fava and F. Z\'o},
  title =        {Medida e Integral de Lebesgue},
  publisher =    {Red Olimpica},
  year  =        {1996},
}

@BOOK{edwardspenney,
  author =       {C. Edwards and  D. Penney},
  title =        {Differential Equations and Boundary Value Problems: Computing and Modeling},
  publisher =    {Prentice Hall},
  year =         {1996},
} @BOOK{knuth,
  author =       {D.E. Knuth},
  title =        {The Art of Computer Programming},
  publisher =    {Addison-Wesley},
  year =         {1997},
} @BOOK{aguilera,
  author =       {N. Aguilera},
  title =        {Notas para los cursos de
Computación y Programación con el lenguaje Pascal},
  url =    {http://math.unl.edu.ar/~aguilera/programacion2006},
  year =         {2006},
} @BOOK{hurewicz,
  author =       { W. Hurewicz},
  title =        {Ordinary Differencial Equations},
  publisher =    {MIT Cambridge},
  year =         {1958},
}

@BOOK{conway,
  author =       {Conway, J.},
  title =        {Functions of one complex variable},
  publisher =    {Springer},
  year =         {1978},
} @BOOK{churchill,
  author =       { R. Churchill},
  title =        {Variable Compleja},
  publisher =    {Mc. Graw Hill},
  year =         {1992},
 }

@BOOK{morgan,
  author =       {F. Morgan},
  title =        {Riemannian Geometry},
  publisher =    {Jones and Bartlett},
  year =         {1993},
}

@BOOK{oprea,
  author =       {J. Oprea},
  title =        {Differential Equations and its Applications},
  publisher =    {Prentice Hall},
  year =         {1997},
} @BOOK{docarmo,
  author =       {N. {Do Carmo}},
  title =        {Elementos de Geometría Diferencial},
  publisher =    {Universidad de Brasilia},
  year =         {1971},
}

@BOOK{oneill,
  author =       {B. O Neill},
  title =        {Elementos de Geometr'ia Diferencial},
  publisher =    {Limusa},
  year =         {1972},
}





@BOOK{henricii,
  author =       {P. Henrici},
  title =        {Applied and computational complex analysis},
  publisher =    {John Wiley \& Sons},
  year =         {1974},
  volume=       {I}
}


@BOOK{henriciii,
  author =       {P. Henrici},
  title =        {Applied and computational complex analysis},
  publisher =    {John Wiley \& Sons},
  year =         {1977},
  volume=         {II}
}

@BOOK{henriciiii,
  author =       {P. Henrici},
  title =        {Applied and computational complex analysis},
  publisher =    {John Wiley \& Sons},
  year =         {1986},
  volume= {III}
}

@BOOK{golub,
  author =       {C.  Golub  and C. Van Loan},
  title =        {Matrix Computation},
  publisher =    {The John Hopkins University Press},
  year =         {1996},
}

@BOOK{mertins,
  author =       {A. Mertins},
  title =        {Signal Analysis},
  publisher =    {John Wiley and Sons},
  year =         {1996},
}

@BOOK{atiyah,
  author =       {M. Atiyah},
  title =        {The geometry and physics of knots},
  publisher =    {Cambridge University Press},
  year =         {1990},
}

@BOOK{arnold,
  author =       {V. Arnold},
  title =        {Lectures on Partial Differenrial Equations},
  publisher =    {Springer},
  year =         {2004},
}

@BOOK{nashsen,
  author =       { Nash, C.  and Sen, S.},
  title =        {Topology and Geometry   for Physicists},
  publisher =    {Academic Press},
  year =         {1983},
}




@BOOK{hunter,
  author =       {{}Nachtergaele, B. and  Hunter, J.},
  title =        {Applied Analysis  },
  publisher =    {World Scientific},
  year =         {2001},
 }


@BOOK{ahlfors,
  author =       {L. Ahlfors},
  title =        {Complex Analysis},
  publisher =    {McGraw-Hill},
  year =         {1966},
}

@BOOK{churchill,
  author =       {R. Churchill, J. Brown y R. Verhey},
  title =        {Variable Compleja y sus Aplicaciones},
  publisher =    {McGraw Hill},
  year =         {1978},
}

@BOOK{strang,
  author =       {G. Strang},
  title =        {'Algebra lineal y sus aplicaciones},
  publisher =    {Adison-Wesley},
  year=          {1986},
}

@BOOK{dugundji,
  author =       {J. Dugundji},
  title =        {Topology},
  publisher =    {Prentice Hall},
  year =         {1975},
} @BOOK{evansgariepy,
  author =       { Evans, L.  and Gariepy, R. },
  title =        {Measure Theory and Fine Properties of Functions},
  publisher =    {CRC Press},
  year =         {1992},
  }

@BOOK{reedsimon,
  author =       {M. Reed and B. Simon},
  title =        {Methods of modern mathematical physics},
  publisher =    {Academic Press},
  year =         {1980},
  volume =       {I},
} @BOOK{marsdenratiu,
  author =       {J. Marsden y T. Ratiu},
  title =        {Manifolds, tensor analysis, and applications},
  publisher =    {Springer},
  year =         {1988},
} @BOOK{devorelorentz,
  author =       {R. de Vore y G. Lorentz},
  title =        {Constructive Approximation},
  publisher =    {Springer},
  year =         {1993},
  volume =       {I},
} 

@book{evans,
    title = "Partial Differential Equations",
    author = "Evans, L. C.",
    isbn = "978-08-2184-974-3",
    year = "1998",
    month = "jun",
    publisher = "Amer Mathematical Society",
    languages = "eng" }


@book{ JulianFernandezBonder,
    title = "Ecuaciones Diferenciales Parciales",
    author = "Fernandez Bonder, J.",
    year = "100",
    month = "dic",
    publisher = "Facultad de Ciencias Exactas y Naturales. Universidad de Buenos Aires" }





@BOOK{sotomayor,
  author =       {J. Sotomayor},
  title =        {Li\c{c}\~oes de Equa\c{c}\~oes Diferencias Ordin'arias},
  publisher =    {CNPq, Brasilea},
  year =         {1979},
}

@BOOK{hirschsmale,
  author =       {Hirsch, M. and  Smale, S.},
  title =        {Differential Equations, Dynamical System and Linear Algebra},
  publisher =    {Academic Press},
  year =         {1974},
}


@BOOK{meer,
  author =       {M. Meerschaert},
  title =        {Mathematical Modeling},
  publisher =    {Academic Press},
  year =         {1999},
}

@BOOK{bellomopresiozi,
  author =       {N. Bellomo and L. Presiozi},
  title =        {Modelling Mathematical Methods and Scientific Computation},
  publisher =    {CRC Press},
  year =         {1995},
}

@BOOK{daehlen,
  author =       {M. D{\ae}hlen and A. Tveito},
  title =        {Numerical Methods and Software Tools in Industrial Mathematics},
  publisher =    {Birkh\"{a}user},
  year =         {1997},
}

@BOOK{meyer,
  author =       {C. Meyer},
  title =        {Matrix Analysis and Applied Linear Algebra},
  publisher =    {SIAM},
  year =         {2000},
}

@BOOK{conway2,
  author =       {J. Conway},
  title =        {A Course in Functional Analysis},
  publisher =    {Springer},
  year =         {1985},
}

@BOOK{brezis,
  author =       {Br'ezis, H. },
  title =        {An'alisis Funcional},
  publisher =    {Alianza Editorial},
  year =         {1984},
}

@BOOK{howison,
  author =       {S. Howison},
  title =        {Practical Applied Mathematics: Modelling, Analysis, Approximation},
  publisher =    {Cambridge University Press},
  year =         {2005},
}

@BOOK{maccluer,
  author =       {C. MacCluer},
  title =        {Industrial Mathematices, Modelling in Industry, Science, and Goverment},
  publisher =    {Prentice-Hall},
  year =         {2000},
}

@BOOK{sato,
  author =       {H. Sato},
  title =        {Algebraic Topology: An Intuitive Approach},
  publisher =    {AMS},
  year =         {1999},
}


@BOOK{casella,
  author =       {G. Casella and R. Berger},
  title =        {Statistical Inferencce},
  publisher =    {Duxbury Press},
  year =         {1990},
}

@BOOK{steven,
  author =       {Arnold, S.},
  title =        {Mathematical Statistics},
  publisher =    {Prentice-Hall},
  year =         {1990 },
  }


@BOOK{GJE,
  author =       {Jennings, G.},
  title =        {Modern Geometry with Applications},
  publisher =    {Springer},
  year =         {1994},
  }


@BOOK{stewart,
  author =       {J. Stewart},
  title =        {C'alculo de una Variable},
  publisher =    {Thomson Learning},
  year =         {2001},
  }

@BOOK{spivak,
  author =       {M. Spivak},
  title =        {Calculus},
  publisher =    {Revert'e},
  year =         {1988},
  }
@BOOK{apostol,
  author =       {T. Apostol},
  title =        {Calculus I},
  publisher =    {Reverte},
  year=          {1999},
  }


@BOOK{grimaldi,
  author =       {R. Grimaldi},
  title =        {Matem'atica Discreta y Combinatoria},
  publisher =    {Addisonn-Wesley},
  year=          {1998},
} @BOOK{gentile,
  author =       {E. Gentile},
  title =        {Notas de 'Algebra},
  publisher =    {EUDEBA},
  year =         {1988},
  }

@BOOK{villamayor,
  author =       {O. Villamayor},
  title =        {Geometr'ia Elemental a Nivel Universitario},
  publisher =    {Red Olímpica OMA},
  year =         {1997},
  volume =       {I},
 }

@BOOK{larrotonda,
  author =       {A. Larrotonda},
  title =        { 'Algebra lineal y geometr'ia},
  publisher =    {EUDEBA},
  year =         {1977},
} @BOOK{scholl,
  author =       {P. Scholl  and J.  Peyrin},
  title =        {Esquemas algor'itmicos fundamentales. Secuencias e iteraci'on},
  publisher =    {Masson},
  year =         {1991},
  }


@BOOK{aho,
  author =       {A. Aho and J. Hopcroft and J. Ullman},
  title =        {Estructura de datos y algor'itmos},
  publisher =    {Addison Wesley},
  year =         {1987},
} @BOOK{anton,
  author =       {Ant'on},
  title =        {Introducci�n al 'algebra lineal},
  publisher =    {Limusa},
  year =         {1998},
  }



@BOOK{herstein,
  author =       {I. Herstein},
  title =        {'Algebra Moderna},
  publisher =    {De Trillas},
  year =         {1994},
}


@BOOK{marsdentromba,
  author =       {J. Marsden and A. Tromba},
  title =        {C'alculo Vectorial},
  publisher={Addison-Wesley},
  year={2004},
  }



@BOOK{burden,
  author =       {Burden, R.  and  Faires, J. },
  title =        {An'alisis num'erico},
  publisher =    {Grupo Editorial  Iberoamericano},
  year=           {1985},
}

@BOOK{cheney,
  author =       {W. Cheney},
  title =        {C'alculo Num'erico},
  publisher =    {Addisson- Wessley},
  year={1994},
  }


@BOOK{mendenhall,
  author =       {W. Mendenhall},
  title =        {Estad'istica Matem'atica y sus Aplicaciones},
  publisher =    {Grupo Editorial Iberoam'erica},
  year =         {1994},
  }

@BOOK{parzen,
  author =       {E. Parzen},
  title =        {Teor'ia Moderna de Probabilidades y sus  Aplicaciones},
  publisher =    { Limusa},
  year =         {1973},
  }
@BOOK{roederer,
  author =       {J. Roederer},
  title =        {Mec'anica elemental},
  publisher =    {EUDEBA},
  year =         {1986},
}


@BOOK{sears,
  author =       {F. Sears},
  title =        {Mec'anica y movimientos ondulatorios},
  publisher =    {Aguilar},
  year =         {1965},
}


@BOOK{lang,
  author =       { Lang, S. },
  title =        {'Algebra},
  publisher =    {Adisson-Wesley},
  year=           {1974},
}

@BOOK{steinsha,
  author =       { Stein, E.  and Shakarchi, R. },
  title =        {Fourier Analysis},
  publisher =    {Princeton University Press},
  year =         {2003},
}

@BOOK{grossman,
  author =       { S. Grossman},
  title =        {Aplicaci'on de 'Algebra Lineal},
  publisher =    {Mc. Graw Hill},
  year =         {1992},
}


@BOOK{haufmann,
  author =       {A. Haufmann},
  title =        {M'etodos y Modelos de la Investigaci'on de Operaciones},
  publisher =    {Compan'ia Editorial Continental S.A.},
  year =         {1972},
  volume =       {I y II},
}



@BOOK{gilbarg,
  author =       {Gilbarg, D. and  Trudinger, N},
  title =        {Elliptic Partial Differential Equations of Second Order},
  publisher =    {Springer},
  year =         {1998},
} @BOOK{ekel,
  author =       {Y. Ekeland  and R.Teman},
  title =        {Analyse Convexe et Problemes Variationnelles},
  publisher =    {Dunod-Gauthier Villars},
  year =         {1973},
} @BOOK{kinder,
  author =       {D. Kinderlehrer and G. Stampacchia},
  title =        {An Introduction to Variational Inequalities and their Aplications},
  publisher =    {Academic Press},
  year =         {1980},
  }
@BOOK{hill,
  author =       {J. Hill},
  title =        {One-dimensional Stefan Problems},
  publisher =    {Longman},
  year =         {1978},
} @BOOK{tarzia,
    author =       {D.  Tarzia},
    title =        {Problemas de Conducci'on del Calor-El Problema de Stefan},
    address =      {Posadas},
    year =      {1996},
    annote =       {Curso de Especializaci�n en Matem'atica Aplicada},
}

@BOOK{karr,
  author =       {Karr, A.},
  title =        {Probability},
  publisher =    {Academic Press},
  year=          {1993},
  }


@BOOK{barry,
  author =       {J. Barry},
  title =        {Probabilidade um curso em nivel intermediario},
  year=          {2002},
  publisher=     {IMPA},
  }

@BOOK{breiman,
  author =       {L. Breiman},
  title =        {Probability},
  publisher =    {Siam},
  year=          {1992},
  }

@BOOK{karlin,
  author =       {Taylor, H. and S. Karlin},
  title =        {An Introduction to Stochastic Modeling},
  publisher =    {Academic Press},
  year={1998},
} @BOOK{parzen2,
  author =       {E. Parzen},
  title =        {Procesos Estoc'asticos},
  publisher =    {Paraninfo},
  year={1972},
} @BOOK{cox,
  author =       {D. Cox and H. Miller},
  title =        {The Theory of Stochastics Processes},
  publisher =    {John Wiley \& Sons},
}

@BOOK{allen,
  author =       {L. Allen},
  title =        {Stochastics Processes with Applications to Biology},
  publisher =    {Pearson Education},
  year={2002},
 }
@BOOK{casella,
  author =       {G. Casella  and R. Berger},
  title =        {Statistical Inference},
  publisher =    {Duxbury Press},
  year      =    {1990},
 }
@BOOK{bickel,
  author =       {Bickel, P. and Doksum, K.},
  title =        {Mathematical Statistics},
 publisher =    {Prentice-Hall},
  publisher =    {Wiley},
  year =         {2001},
} 





@BOOK{rohatgi,
  author =       {Rohatgi, V.},
  title =        {An Introduction to Probability Theory and Mathematical Statistical},
  publisher =    {John Wiley and Sons},
  year =         {1976},
}

@BOOK{sarnold,
  author =       {S. Arnold},
  title =        {Mathematical Statistics},
  publisher =    {Prentice Hall},
  year =         {1990},
}


@BOOK{radrao,
  author =       {Rao, C. R.  and  Toutenburg, H.},
  title =        {Linear Models. Least Squares and Alternatives},
  publisher =    {Springer},
  year =         {2007},
}

@BOOK{lehmann,
  author =       { Lehmann,  E.L. and Casella, G. },
  title =        {Theory of Point Estimation},
  publisher =    {Springer},
  year =         {1998},
}

@BOOK{scheffe,
  author =       {Scheffe, H.},
  title =        {The Analysis of Variance},
  publisher =    {Wiley},
  year =         {1999},
}


@book{Venables,
   author = {Venables, W. N. and Ripley, B. D.},
   publisher = {Springer},   
  title = {Modern Applied Statistics with S},
  year = 2002
}

@book{Montgonery, 
author = { Winer Montgomery, D.; Peck, E.; Vining, G.}, 
title = { Introducción al Análisis de Regresión Lineal }, 
year = {2006}, 
publisher = { Compañía Editorial Continental. México.}, 
edition = {3rd  } }





 E.L. Lehmann 

@BOOK{rawlyngs,
  author =       {Rawlyngs, J.},
  title =        {Applied Regression Analysis: A Research Tool},
  publisher =    {Wadsworth \& Brrooks},
  year =         {1988},
}

@BOOK{searle,
  author =       {Searle, S.},
  title =        {Modelos Lineales},
  publisher =    {John Wiley \& Sons},
  year =         {1971},
 }

@BOOK{peck,
  author =       {D. Montgomery and E. Peck },
  title =        {Introduction to Linear Regression Analysis},
  publisher =    {John Wiley \& Sons},
  year =         {1982},
 }

@BOOK{larson,
  author =       {R. Larson and R. Hostetler and B. Edwards},
  title =        {C'alculo y Geometr'ia Anal'itica},
  publisher =    {McGraw-Hill},
  year =         {1995},
  volume =       {I},
 }

@BOOK{larson2,
  author =       {R. Larson and R. Hostetler and B. Edwards},
  title =        {C'alculo y Geometr'ia Anal'itica},
  publisher =    {McGraw-Hill},
  year =         {1995},
  volume =       {II},
 }
@BOOK{pinsky,
  author =       {Pinsky, M.},
  title =        {Introducti�n to partial differential equations with
    applications},
  publisher =    {Mc. Graw-Hill},
  year =         {1984},
} @BOOK{alder,
  author =       {Alder, B. and Fernbach, S. and Rotemberg M.},
  title =        {Computacional
Physic},
  publisher =    {Academic Press},
  year =         {1963},
}


@BOOK{loeve,
  author =       {M. Lo\`{e}ve},
  title =        {Probability Theory},
  publisher =    {Springer},
  year =         {1977},
  volume =       {I},
 }

@BOOK{couranthilbert,
  author =       {R. Courant and D. Hilbert},
  title =        {Methods of Mathematical Physics},
  publisher =    {Wiley},
  year =         {1966},
  volume =       {I},
}

@BOOK{coxeter,
  author =       {H. Coxeter},
  title = {Introduction to Geometry},
  publisher =        {John Wiley \& Sons, Inc},
  publisher =    {Wiley},
  year =         {1969},
  }

@BOOK{gilbert,
  author =       {N. Gilbert and T. Porter},
  title = {Knots and Surfaces},
  publisher =        {Oxford University Press},
  year =         {1994},
  }

@BOOK{guzman,
  author =       {M. de Guzm�n},
  title = {Para pensar mejor},
  }
@BOOK{polya,
  author =       {G. Polya},
  title = {Como plantear y resolver problemas},
  }
@BOOK{fauring,
  author =       { Fauring and
Wagner and Wykowsky and otros},
  title = {Problemas de olimp�adas},
  }
@BOOK{taubes,
  author =       {C. H. Taubes},
  title =        {Modeling Differential Equations in Biology},
  publisher =    {Prentice Hall},
  year =         {2001},
  }
@BOOK{kendall,
author =       {Atkinson, K. and Han, W.},
  title =        {Theoretical Numerical Analysis},
  publisher =    {Springer},
  year =         {2001},
  }



@BOOK{klimo1,
author =       {G. Klimovsky},
  title =        {Las Desventuras del Conocimiento Cient�fico},
  publisher =    {AZ editora},
  year =         {1997},
  }



@BOOK{klimo2,
author =       {G. Klimovsky},
  title =        {Las Desventuras del Conocimiento Matem�tico},
  publisher =    {AZ editora},
  year =         {2005},
  }


@BOOK{johshua,
author =       {S. Johsua  and J. J. Dup�n},
  title =        {Introducci�n a la Did�ctica de las Ciencias y la Matem�tica},
  publisher =    {Colihue},
  year =         {2005},
  }


@BOOK{thomas,
author =       {J.W. Thomas},
  title =        {Numerical Partial Differential Equations},
  publisher =    {Springer},
  year =         {1995},
  }

@BOOK{brenner,
author =       {S. Brenner and L. R. Scott},
  title =        {The Matematical Theory of Finite Element Analysis},
  publisher =    {Springer},
  year =         {1994},
  }

  @BOOK{billing,
    author={Billingsley, P.},
    title={Probability and Measure},
    publisher={Wiley},
    year={1995},
    }

    @BOOK{chung,
        author={Chung, K.},
        title={A Course in Probability Theory},
        publisher={Academic Press},
        year={1974},
        }
  @BOOK{durrett,
   author={Durrett, R.},
   title={Probability: Theory and Examples},
   publisher={Belmont},
   year={1995},
   }
@BOOK{scher,
author={Schervish, M},
title={Theory of Statistics},
publisher={Springer},
year={1997},
}

@BOOK{bergero,
author={Berger, J.},
title={Statistical Decision Theory and Bayesian Analysis},
publisher={Springer},
year={1985},
}

@BOOK{sen,
author={Sen, P. and Singer, J.},
title={Lasrge Sample Methods in Statistics},
publisher={Chapman \& Hall},
year={1993},
}

@BOOK{degroot,
author={ DeGroot, M},
title={Optimal Statistical Decision},
publisher={McGraw-Hill},
year={1970},
}


@book{lidl1997finite,
  title={Finite Fields},
  author={Lidl, R. and Niederreiter, H. and Cohn, P.M. and Rota, G.C. and Doran, B. and Flajolet, P. and Ismail, M. and Lam, T.Y. and Lutwak, E.},
  number={v. 20,parte 1},
  isbn={9780521392310},
  lccn={96031467},
  series={EBL-Schweitzer},
  url={https://books.google.com.ar/books?id=xqMqxQTFUkMC},
  year={1997},
  publisher={Cambridge University Press}
}

@book{ling2004coding,
  title={Coding Theory: A First Course},
  author={Ling, S. and Xing, C.},
  isbn={9780521529235},
  lccn={2003055132},
  url={https://books.google.com.ar/books?id=N1jiL8V3ISwC},
  year={2004},
  publisher={Cambridge University Press}
}

@book{van2013introduction,
  title={Introduction to Coding Theory},
  author={van Lint, J.H.},
  isbn={9783662079980},
  series={Graduate Texts in Mathematics},
  url={https://books.google.com.ar/books?id=6dbqCAAAQBAJ},
  year={2013},
  publisher={Springer Berlin Heidelberg}
}

@book{evans1990weak,
  title={Weak Convergence Methods for Nonlinear Partial Differential Equations},
  author={Evans, L.C. and Conference Board of the Mathematical Sciences},
  isbn={9780821807248},
  lccn={lc89027844},
  series={CBMS Regional Conference Series},
  url={https://books.google.com.ar/books?id=yoVNBgAAQBAJ},
  year={1990},
  publisher={Conference Board of the Mathematical Sciences}
}

@book{cheney1998introduction,
  title={Introduction to Approximation Theory},
  author={Cheney, E.W.},
  isbn={9780821813744},
  lccn={81067708},
  series={AMS Chelsea Publishing Series},
  url={https://books.google.com.ar/books?id=OLezcSwX6JoC},
  year={1998},
  publisher={AMS Chelsea Pub.}
}

@book{rice1964approximation,
  title={The Approximation of Functions: Linear theory},
  author={Rice, J.R.},
  lccn={63016568},
  series={Addison-Wesley series in computer science and information processing},
  url={https://books.google.com.ar/books?id=H-hQAAAAMAAJ},
  year={1964},
  publisher={Addison-Wesley Publishing Company}
}

@book{lorentz2005approximation,
  title={Approximation of Functions},
  author={Lorentz, G.G.},
  isbn={9780821840504},
  lccn={85072465},
  series={AMS Chelsea Publishing Series},
  url={https://books.google.com.ar/books?id=8VMrOmTKSe0C},
  year={2005},
  publisher={Holt, Rinehart and Winston}
}

@book{powell1981approximation,
  title={Approximation Theory and Methods},
  author={Powell, M.J.D. and Powell, P.A.N.A.M.J.D.},
  isbn={9780521295147},
  lccn={80040880},
  url={https://books.google.com.ar/books?id=ODZ1OYR3w4cC},
  year={1981},
  publisher={Cambridge University Press}
}

@Misc{cuenya,
 author = {H.H. Cuenya},
 title = {Notas del Curso Teoría de Aproximación},
 year = {2006},
}


@article{alvarez2005identification,
  title={Identification of immersed obstacles via boundary measurements},
  author={Alvarez, C. and Conca, C. and Friz, L. and Kavian, O. and Ortega, J. H},
  journal={Inverse Problems},
  volume={21},
  number={5},
  pages={1531},
  year={2005},
  publisher={IOP Publishing}
}

@article{alvarez2008identification,
  title={On the identification of a rigid body immersed in a fluid: A numerical approach},
  author={Alvarez, C. and Conca, C. and Lecaros, R. and Ortega, J. H},
  journal={Engineering analysis with boundary elements},
  volume={32},
  number={11},
  pages={919--925},
  year={2008},
  publisher={Elsevier}
}

@article{cattabriga1961problema,
  title={Su un problema al contorno relativo al sistema di equazioni di Stokes},
  author={Cattabriga, L.},
  journal={Rendiconti del Seminario Matematico della Universita di Padova},
  volume={31},
  pages={308--340},
  year={1961}
}

@book{constantin1988navier,
  title={Navier-Stokes Equations},
  author={Constantin, P. and Foias, P.C.C. and Foias, C.},
  isbn={9780226115498},
  lccn={88013122},
  series={Chicago Lectures in Mathematics},
  url={https://books.google.com.ar/books?id=eI36TEsH4N8C},
  year={1988},
  publisher={University of Chicago Press}
}

@article{fabre1996prolongement,
  title={Prolongement unique des solutions},
  author={Fabre, C. and du G{\'e}n{\'e}ral de Gaulle, Av and Libeau, Gilles},
  journal={Communications in Partial Differential Equations},
  volume={21},
  number={3-4},
  pages={573--596},
  year={1996},
  publisher={Taylor \& Francis}
}

@book{galdi2011introduction,
  title={An Introduction to the Mathematical Theory of the Navier-Stokes Equations: Steady-State Problems},
  author={Galdi, G.},
  isbn={9780387096209},
  lccn={79019975},
  series={Springer Monographs in Mathematics},
  url={https://books.google.com.ar/books?id=dXCFbCJGsi8C},
  year={2011},
  publisher={Springer New York}
}

@book{temam1977navier,
  title={Navier-Stokes Equations: Theory and Numerical Analysis},
  author={Temam, R. and Thomasset, F.},
  isbn={9780720428407},
  lccn={76051536},
  series={Studies in mathematics and its applications},
  url={https://books.google.com.ar/books?id=xguoAAAAIAAJ},
  year={1977},
  publisher={North-Holland Publishing Company}
}



@book{ JohnB.Conway566,
    title = "Functions of One Complex Variable I",
    author = " Conway, J. B.",
    isbn = "978-03-8790-328-6",
    year = "1978",
    month = "ago",
    publisher = "Springer Science \& Business Media",
    languages = "eng" }

@book{ LarsValerianAhlfors573,
    title = "Complex Analysis: An Introduction to the Theory of Analytic Functions of One Complex Variable",
    author = "Ahlfors, L. V. ",
    year = "1953",
    month = "ago",
    publisher = "McGraw-Hill",
    languages = "eng" }

@book{ WalterK.Hayman582,
    title = "Meromorphic Functions",
    author = "Hayman, W. K. ",
    year = "1968",
    month = "ago",
    publisher = "Clarendon Press",
    languages = "eng" }


@book{ JohnB.Conway584,
    title = "Functions of One Complex Variable II",
    author = "Conway, J.B.",
    isbn = "978-03-8794-460-9",
    year = "1996",
    month = "jun",
    publisher = "Springer Science \& Business Media",
    languages = "eng" }

@book{ EliasM.Stein590,
    title = "Complex Analysis",
    author = " Stein, E. M.  and Shakarchi, R. ",
    isbn = "978-06-9111-385-2",
    year = "2003",
    month = "abr",
    publisher = "Princeton University Press",
    languages = "eng" }

@book{ RaviP.Agarwal591,
    title = "An Introduction to Complex Analysis",
    author = " Agarwal, R. P. and Perera, K.  and Pinelas, S. ",
    isbn = "978-14-6140-194-0",
    year = "2011",
    month = "jul",
    publisher = "Springer US",
    languages = "eng" }

@book{ KunihikoKodaira594,
    title = "Complex Analysis",
    author = "Kodaira, K. ",
    isbn = "978-05-2180-937-5",
    year = "2007",
    month = "ago",
    publisher = "Cambridge University Press",
    languages = "eng" }
    
    
    

@BOOK{hirsch,
     author =       {Hirsch, M. and Smale, S.},
      title =        {Differential Equations, Dynamical System and
                                 Linear Algebra},
      year =       {1974},
    publisher =    {Academic Press},
     address =      {Orlando},
}


@BOOK{soto,
     author =       {Sotomayor, J. },
      title =        {Li\c{c}\~oes de Equa\c{c}\~oes Diferencias Ordin'arias},
    publisher =    {CNPq},
     address =      {Brasilea},
     year = {1979},
}

@BOOK{hartman,
    author= { Hartman, P.},
    title={Ordinary Differential Equations},
    publisher= {SIAM},
    address={Philadelphia},
    year={2002},
    }


@BOOK{perko,
author={ Perko, L. },
title={Differential Equations and Dynamical Systems},
publisher={Springer-Verlag},
year={1991},
address={New York},
}


@book{ GeraldTeschl528,
    author = "Teschl, G. ",
    isbn = "978-08-2188-328-0",
    languages = "eng",
    year = "2012",
    month = "ago",
    publisher = "American Mathematical Soc.",
    size = "3911193 octets",
    title = "Ordinary Differential Equations and Dynamical Systems" }

@book{ CarmenChicone530,
    author = "Chicone, C.",
    isbn = "978-03-8735-794-2",
    languages = "eng",
    year = "2006",
    month = "sep",
    publisher = "Springer Science \& Business Media",
    size = "6889204 octets",
    title = "Ordinary Differential Equations With Applications" }

@BOOK{betounes,
	author={Betounes, D. },
	title={Differential Equations, Theory and Applications},
	publisher={Springer},
	year={2010},
	address={New York},
}

@book{ EarlA.Coddington491,
    author = "Coddington, E. A. and Levinson, N. ",
    languages = "eng",
    year = "1955",
    month = "feb",
    publisher = "McGraw-Hill",
    size = "7084503 octets",
    title = "Theory of Ordinary Differential Equations" }